%YAML 1.1
%TAG !u! tag:unity3d.com,2011:
--- !u!1 &2298038837287247446
GameObject:
  m_ObjectHideFlags: 0
  m_CorrespondingSourceObject: {fileID: 0}
  m_PrefabInstance: {fileID: 0}
  m_PrefabAsset: {fileID: 0}
  serializedVersion: 6
  m_Component:
  - component: {fileID: 4021608239743681823}
  m_Layer: 10
  m_Name: Pivot
  m_TagString: Untagged
  m_Icon: {fileID: 0}
  m_NavMeshLayer: 0
  m_StaticEditorFlags: 0
  m_IsActive: 1
--- !u!4 &4021608239743681823
Transform:
  m_ObjectHideFlags: 0
  m_CorrespondingSourceObject: {fileID: 0}
  m_PrefabInstance: {fileID: 0}
  m_PrefabAsset: {fileID: 0}
  m_GameObject: {fileID: 2298038837287247446}
  m_LocalRotation: {x: -0.8193457, y: -0.021278637, z: -0.021089988, w: 0.5725165}
  m_LocalPosition: {x: -0.122, y: 0.042, z: 0.014}
  m_LocalScale: {x: 1, y: 1, z: 1}
  m_ConstrainProportionsScale: 0
  m_Children:
  - {fileID: 6560005377973839969}
  m_Father: {fileID: 5729857957383944251}
  m_RootOrder: 0
  m_LocalEulerAnglesHint: {x: -69.897, y: 178.3, z: -181.787}
--- !u!1 &5051001185243546608
GameObject:
  m_ObjectHideFlags: 0
  m_CorrespondingSourceObject: {fileID: 0}
  m_PrefabInstance: {fileID: 0}
  m_PrefabAsset: {fileID: 0}
  serializedVersion: 6
  m_Component:
  - component: {fileID: 5729857957383944251}
  m_Layer: 10
  m_Name: Club
  m_TagString: Goods
  m_Icon: {fileID: 0}
  m_NavMeshLayer: 0
  m_StaticEditorFlags: 0
  m_IsActive: 1
--- !u!4 &5729857957383944251
Transform:
  m_ObjectHideFlags: 0
  m_CorrespondingSourceObject: {fileID: 0}
  m_PrefabInstance: {fileID: 0}
  m_PrefabAsset: {fileID: 0}
  m_GameObject: {fileID: 5051001185243546608}
  m_LocalRotation: {x: 0, y: 0, z: 0, w: 1}
  m_LocalPosition: {x: 0, y: 0, z: 0.014}
  m_LocalScale: {x: 1, y: 1, z: 1}
  m_ConstrainProportionsScale: 0
  m_Children:
  - {fileID: 4021608239743681823}
  m_Father: {fileID: 0}
  m_RootOrder: 0
  m_LocalEulerAnglesHint: {x: 0, y: 0, z: 0}
--- !u!1 &5070034079453703121
GameObject:
  m_ObjectHideFlags: 0
  m_CorrespondingSourceObject: {fileID: 0}
  m_PrefabInstance: {fileID: 0}
  m_PrefabAsset: {fileID: 0}
  serializedVersion: 6
  m_Component:
  - component: {fileID: 6560005377973839969}
  m_Layer: 10
  m_Name: Clup
  m_TagString: Untagged
  m_Icon: {fileID: 0}
  m_NavMeshLayer: 0
  m_StaticEditorFlags: 0
  m_IsActive: 1
--- !u!4 &6560005377973839969
Transform:
  m_ObjectHideFlags: 0
  m_CorrespondingSourceObject: {fileID: 0}
  m_PrefabInstance: {fileID: 0}
  m_PrefabAsset: {fileID: 0}
  m_GameObject: {fileID: 5070034079453703121}
  m_LocalRotation: {x: 0, y: 0, z: 0, w: 1}
  m_LocalPosition: {x: 0, y: 0, z: 0}
  m_LocalScale: {x: 1, y: 1, z: 1}
  m_ConstrainProportionsScale: 0
  m_Children:
  - {fileID: 736184634611794064}
  m_Father: {fileID: 4021608239743681823}
  m_RootOrder: 0
  m_LocalEulerAnglesHint: {x: 0, y: 0, z: 0}
--- !u!1001 &401654282141639892
PrefabInstance:
  m_ObjectHideFlags: 0
  serializedVersion: 2
  m_Modification:
    m_TransformParent: {fileID: 6560005377973839969}
    m_Modifications:
    - target: {fileID: 355312524381552382, guid: b84d7ca3927758646a65731cc107aa76, type: 3}
      propertyPath: m_Name
      value: Sword_01
      objectReference: {fileID: 0}
    - target: {fileID: 355312524381552382, guid: b84d7ca3927758646a65731cc107aa76, type: 3}
      propertyPath: m_Layer
      value: 10
      objectReference: {fileID: 0}
    - target: {fileID: 355312524381552382, guid: b84d7ca3927758646a65731cc107aa76, type: 3}
      propertyPath: m_TagString
      value: Goods
      objectReference: {fileID: 0}
    - target: {fileID: 1127450730860520516, guid: b84d7ca3927758646a65731cc107aa76, type: 3}
      propertyPath: m_RootOrder
      value: 0
      objectReference: {fileID: 0}
    - target: {fileID: 1127450730860520516, guid: b84d7ca3927758646a65731cc107aa76, type: 3}
      propertyPath: m_LocalScale.x
      value: 1
      objectReference: {fileID: 0}
    - target: {fileID: 1127450730860520516, guid: b84d7ca3927758646a65731cc107aa76, type: 3}
      propertyPath: m_LocalScale.y
      value: 1
      objectReference: {fileID: 0}
    - target: {fileID: 1127450730860520516, guid: b84d7ca3927758646a65731cc107aa76, type: 3}
      propertyPath: m_LocalScale.z
      value: 1
      objectReference: {fileID: 0}
    - target: {fileID: 1127450730860520516, guid: b84d7ca3927758646a65731cc107aa76, type: 3}
      propertyPath: m_LocalPosition.x
      value: 0
      objectReference: {fileID: 0}
    - target: {fileID: 1127450730860520516, guid: b84d7ca3927758646a65731cc107aa76, type: 3}
      propertyPath: m_LocalPosition.y
      value: 0
      objectReference: {fileID: 0}
    - target: {fileID: 1127450730860520516, guid: b84d7ca3927758646a65731cc107aa76, type: 3}
      propertyPath: m_LocalPosition.z
      value: 0
      objectReference: {fileID: 0}
    - target: {fileID: 1127450730860520516, guid: b84d7ca3927758646a65731cc107aa76, type: 3}
      propertyPath: m_LocalRotation.w
      value: 1
      objectReference: {fileID: 0}
    - target: {fileID: 1127450730860520516, guid: b84d7ca3927758646a65731cc107aa76, type: 3}
      propertyPath: m_LocalRotation.x
      value: -0
      objectReference: {fileID: 0}
    - target: {fileID: 1127450730860520516, guid: b84d7ca3927758646a65731cc107aa76, type: 3}
      propertyPath: m_LocalRotation.y
      value: -0
      objectReference: {fileID: 0}
    - target: {fileID: 1127450730860520516, guid: b84d7ca3927758646a65731cc107aa76, type: 3}
      propertyPath: m_LocalRotation.z
      value: -0
      objectReference: {fileID: 0}
    - target: {fileID: 1127450730860520516, guid: b84d7ca3927758646a65731cc107aa76, type: 3}
      propertyPath: m_LocalEulerAnglesHint.x
      value: 0
      objectReference: {fileID: 0}
    - target: {fileID: 1127450730860520516, guid: b84d7ca3927758646a65731cc107aa76, type: 3}
      propertyPath: m_LocalEulerAnglesHint.y
      value: 0
      objectReference: {fileID: 0}
    - target: {fileID: 1127450730860520516, guid: b84d7ca3927758646a65731cc107aa76, type: 3}
      propertyPath: m_LocalEulerAnglesHint.z
      value: 0
      objectReference: {fileID: 0}
    - target: {fileID: 2142021146967332986, guid: b84d7ca3927758646a65731cc107aa76, type: 3}
      propertyPath: m_Convex
      value: 1
      objectReference: {fileID: 0}
    - target: {fileID: 2142021146967332986, guid: b84d7ca3927758646a65731cc107aa76, type: 3}
      propertyPath: m_IsTrigger
      value: 1
      objectReference: {fileID: 0}
    m_RemovedComponents: []
  m_SourcePrefab: {fileID: 100100000, guid: b84d7ca3927758646a65731cc107aa76, type: 3}
--- !u!4 &736184634611794064 stripped
Transform:
  m_CorrespondingSourceObject: {fileID: 1127450730860520516, guid: b84d7ca3927758646a65731cc107aa76, type: 3}
  m_PrefabInstance: {fileID: 401654282141639892}
  m_PrefabAsset: {fileID: 0}
